@misc{chen_fu_lyu,
    Author = {Chen Chen and Jie Fu and Lingjuan Lyu},
    Title = {A Pathway Towards Responsible AI Generated Content},
    Year = {2023},
    Eprint = {arXiv:2303.01325},
}
